@book{talbi2009metaheuristics,
  title={Metaheuristics: from design to implementation},
  author={Talbi, El-Ghazali},
  volume={74},
  year={2009},
  publisher={Wiley}
}

@article{deb2002fast,
  title={A fast and elitist multiobjective genetic algorithm: NSGA-II},
  author={Deb, Kalyanmoy and Pratap, Amrit and Agarwal, Sameer and Meyarivan, TAMT},
  journal={Evolutionary Computation, IEEE Transactions on},
  volume={6},
  number={2},
  pages={182--197},
  year={2002},
  publisher={IEEE}
}

@misc{zitzler2001spea2,
  title={SPEA2: Improving the strength Pareto evolutionary algorithm},
  author={Zitzler, Eckart and Laumanns, Marco and Thiele, Lothar and Zitzler, Eckart and Zitzler, Eckart and Thiele, Lothar and Thiele, Lothar},
  year={2001},
  publisher={Eidgen{\"o}ssische Technische Hochschule Z{\"u}rich (ETH), Institut f{\"u}r Technische Informatik und Kommunikationsnetze (TIK)}
}

@inproceedings{zitzler2004indicator,
  title={Indicator-based selection in multiobjective search},
  author={Zitzler, Eckart and K{\"u}nzli, Simon},
  booktitle={Parallel Problem Solving from Nature-PPSN VIII},
  pages={832--842},
  year={2004},
  organization={Springer}
}

@inproceedings{liefooghe2007paradiseo,
  title={ParadisEO-MOEO: A framework for evolutionary multi-objective optimization},
  author={Liefooghe, Arnaud and Basseur, Matthieu and Jourdan, Laetitia and Talbi, El-Ghazali},
  booktitle={Evolutionary multi-criterion optimization},
  pages={386--400},
  year={2007},
  organization={Springer}
}

@inproceedings{auger2009theory,
  title={Theory of the hypervolume indicator: optimal $\mu$-distributions and the choice of the reference point},
  author={Auger, Anne and Bader, Johannes and Brockhoff, Dimo and Zitzler, Eckart},
  booktitle={Proceedings of the tenth ACM SIGEVO workshop on Foundations of genetic algorithms},
  pages={87--102},
  year={2009},
  organization={ACM}
}

@misc{stehl2013opt,
  title={Multi-Objective Optimization of Intrusion Detection Systems for Wireless Sensor Networks},
  author={Stehlik, Martin and Saleh, Adam and Stetsko, Andriy and  Matyash,Vashek},
  year={2013},
  publisher={Masaryk University, Brno, Czech Republic}
}


